<record><leader>00000cas a22000007a 4500</leader><controlfield tag="001">2363202</controlfield><controlfield tag="008">760810d19161943mtudn ne      0    0eng d</controlfield><datafield ind1=" " ind2=" " tag="010"><subfield code="a">sn 85053101 </subfield></datafield><datafield ind1=" " ind2=" " tag="040"><subfield code="a">MUL</subfield><subfield code="b">eng</subfield><subfield code="c">MUL</subfield><subfield code="d">MTL</subfield><subfield code="d">MTG</subfield><subfield code="d">OCLCQ</subfield><subfield code="d">OCLCF</subfield><subfield code="d">OCLCO</subfield></datafield><datafield ind1=" " ind2=" " tag="042"><subfield code="a">msc</subfield></datafield><datafield ind1=" " ind2=" " tag="043"><subfield code="a">n-us-mt</subfield></datafield><datafield ind1=" " ind2="4" tag="050"><subfield code="a">AN2</subfield><subfield code="b">.M652x</subfield></datafield><datafield ind1="0" ind2="4" tag="245"><subfield code="a">The Montana record-herald.</subfield></datafield><datafield ind1=" " ind2=" " tag="260"><subfield code="a">Helena, Mont. :</subfield><subfield code="b">Montana Record Pub. Co.,</subfield><subfield code="c">1916-1943.</subfield></datafield><datafield ind1=" " ind2=" " tag="300"><subfield code="a">25 v. :</subfield><subfield code="b">ill. ;</subfield><subfield code="c">60 cm.</subfield></datafield><datafield ind1=" " ind2=" " tag="310"><subfield code="a">Daily (except Sun.)</subfield></datafield><datafield ind1="0" ind2=" " tag="362"><subfield code="a">51st year, no. 106 (May 1, 1916)-76th year, no. 309 (Nov. 20, 1943).</subfield></datafield><datafield ind1=" " ind2=" " tag="515"><subfield code="a">Suspended: May 16-Aug. 13, 1934.</subfield></datafield><datafield ind1=" " ind2=" " tag="580"><subfield code="a">Other edition available: Weekly record-herald.</subfield></datafield><datafield ind1=" " ind2="0" tag="651"><subfield code="a">Helena (Mont.)</subfield><subfield code="v">Periodicals.</subfield></datafield><datafield ind1=" " ind2="7" tag="655"><subfield code="a">Periodicals.</subfield><subfield code="2">fast</subfield><subfield code="0">(OCoLC)fst01411641</subfield></datafield><datafield ind1=" " ind2="7" tag="651"><subfield code="a">Montana</subfield><subfield code="z">Helena.</subfield><subfield code="2">fast</subfield><subfield code="0">(OCoLC)fst01207480</subfield></datafield><datafield ind1=" " ind2=" " tag="752"><subfield code="a">United States</subfield><subfield code="b">Montana</subfield><subfield code="c">Lewis and Clark</subfield><subfield code="d">Helena.</subfield></datafield><datafield ind1="1" ind2=" " tag="775"><subfield code="t">Weekly record-herald</subfield><subfield code="w">(DLC)sn 86075216</subfield></datafield><datafield ind1="0" ind2="0" tag="780"><subfield code="t">Montana daily record</subfield><subfield code="w">(DLC)sn 83025307</subfield></datafield><datafield ind1="0" ind2="7" tag="785"><subfield code="t">Helena independent (Helena, Mont. : Daily)</subfield><subfield code="w">(DLC)sn 83025308</subfield></datafield><datafield ind1="0" ind2="7" tag="785"><subfield code="t">Independent-record (Helena, Mont.)</subfield><subfield code="w">(DLC)sn 85053105</subfield></datafield></record>